<record><leader>00000cas a22000007a 4500</leader><controlfield tag="001">8367577</controlfield><controlfield tag="008">820423d18921908pauwr n       0   a0eng d</controlfield><controlfield tag="009">384</controlfield><datafield ind1=" " ind2=" " tag="010"><subfield code="a">sn 92063431 </subfield></datafield><datafield ind1=" " ind2=" " tag="040"><subfield code="a">PLF</subfield><subfield code="b">eng</subfield><subfield code="c">PLF</subfield><subfield code="d">BTI</subfield><subfield code="d">ONP</subfield><subfield code="d">OCLCQ</subfield><subfield code="d">OCLCF</subfield><subfield code="d">OCLCO</subfield></datafield><datafield ind1="1" ind2=" " tag="029"><subfield code="a">AU@</subfield><subfield code="b">000025907402</subfield></datafield><datafield ind1=" " ind2=" " tag="042"><subfield code="a">msc</subfield></datafield><datafield ind1=" " ind2=" " tag="092"><subfield code="a">205</subfield><subfield code="b">C473</subfield></datafield><datafield ind1=" " ind2=" " tag="090"><subfield code="a">BX5800</subfield></datafield><datafield ind1="0" ind2=" " tag="130"><subfield code="a">Church standard (Philadelphia, Pa.)</subfield></datafield><datafield ind1="0" ind2="4" tag="245"><subfield code="a">The Church standard.</subfield></datafield><datafield ind1=" " ind2=" " tag="260"><subfield code="a">Phila. [Philadelphia, Pa.] :</subfield><subfield code="b">Walter N. Hering,</subfield><subfield code="c">1892-</subfield></datafield><datafield ind1=" " ind2=" " tag="300"><subfield code="a">v.</subfield></datafield><datafield ind1=" " ind2=" " tag="310"><subfield code="a">Weekly</subfield></datafield><datafield ind1="0" ind2=" " tag="362"><subfield code="a">May 14, 1892-</subfield></datafield><datafield ind1=" " ind2=" " tag="580"><subfield code="a">Absorbed in July 1908 by The Churchman.</subfield></datafield><datafield ind1="2" ind2="0" tag="610"><subfield code="a">Episcopal Church</subfield><subfield code="v">Newspapers.</subfield></datafield><datafield ind1=" " ind2="4" tag="651"><subfield code="a">Philadelphia (Pa.)</subfield><subfield code="v">Newspapers.</subfield></datafield><datafield ind1=" " ind2="7" tag="655"><subfield code="a">Newspapers.</subfield><subfield code="2">fast</subfield><subfield code="0">(OCoLC)fst01423814</subfield></datafield><datafield ind1="2" ind2="7" tag="610"><subfield code="a">Episcopal Church.</subfield><subfield code="2">fast</subfield><subfield code="0">(OCoLC)fst00533119</subfield></datafield><datafield ind1=" " ind2=" " tag="752"><subfield code="a">United States</subfield><subfield code="b">Pennsylvania</subfield><subfield code="c">Philadelphia</subfield><subfield code="d">Philadelphia.</subfield></datafield><datafield ind1="0" ind2="0" tag="780"><subfield code="t">Standard of the cross and The Church</subfield><subfield code="w">(DLC)sn 92063429</subfield></datafield><datafield ind1="1" ind2="4" tag="785"><subfield code="t">Churchman</subfield><subfield code="g">July, 1908</subfield><subfield code="w">(OCoLC)1554681</subfield></datafield><datafield ind1="0" ind2="8" tag="776"><subfield code="i">Online version:</subfield><subfield code="t">Church standard (Philadelphia, Pa.)</subfield><subfield code="w">(OCoLC)659274932</subfield></datafield></record>